%YAML 1.1
%TAG !u! tag:unity3d.com,2011:
--- !u!1 &709471297595319596
GameObject:
  m_ObjectHideFlags: 0
  m_CorrespondingSourceObject: {fileID: 0}
  m_PrefabInstance: {fileID: 0}
  m_PrefabAsset: {fileID: 0}
  serializedVersion: 6
  m_Component:
  - component: {fileID: 8648867774794395005}
  m_Layer: 0
  m_Name: Box
  m_TagString: Untagged
  m_Icon: {fileID: 0}
  m_NavMeshLayer: 0
  m_StaticEditorFlags: 0
  m_IsActive: 1
--- !u!4 &8648867774794395005
Transform:
  m_ObjectHideFlags: 0
  m_CorrespondingSourceObject: {fileID: 0}
  m_PrefabInstance: {fileID: 0}
  m_PrefabAsset: {fileID: 0}
  m_GameObject: {fileID: 709471297595319596}
  m_LocalRotation: {x: 0, y: 0, z: 0, w: 1}
  m_LocalPosition: {x: 0, y: 0, z: 0}
  m_LocalScale: {x: 1, y: 1, z: 1}
  m_Children:
  - {fileID: 8472621583482417086}
  - {fileID: 8339975861581377976}
  - {fileID: 6219539488972731785}
  - {fileID: 8502033424536252167}
  - {fileID: 121547050246374229}
  m_Father: {fileID: 2855391032365381943}
  m_RootOrder: 0
  m_LocalEulerAnglesHint: {x: 0, y: 0, z: 0}
--- !u!1 &1142136744381542076
GameObject:
  m_ObjectHideFlags: 0
  m_CorrespondingSourceObject: {fileID: 0}
  m_PrefabInstance: {fileID: 0}
  m_PrefabAsset: {fileID: 0}
  serializedVersion: 6
  m_Component:
  - component: {fileID: 6219539488972731785}
  - component: {fileID: 3520266421067143809}
  - component: {fileID: 8144586168311072227}
  m_Layer: 0
  m_Name: Section_Gate.Door (1)
  m_TagString: Untagged
  m_Icon: {fileID: 0}
  m_NavMeshLayer: 0
  m_StaticEditorFlags: 0
  m_IsActive: 1
--- !u!4 &6219539488972731785
Transform:
  m_ObjectHideFlags: 0
  m_CorrespondingSourceObject: {fileID: 0}
  m_PrefabInstance: {fileID: 0}
  m_PrefabAsset: {fileID: 0}
  m_GameObject: {fileID: 1142136744381542076}
  m_LocalRotation: {x: -0, y: 0.7072302, z: 0.7069834, w: 0}
  m_LocalPosition: {x: -2.039802, y: 0, z: -2.885324}
  m_LocalScale: {x: 1, y: 1, z: 1}
  m_Children: []
  m_Father: {fileID: 8648867774794395005}
  m_RootOrder: 2
  m_LocalEulerAnglesHint: {x: -89.98, y: 180, z: 0}
--- !u!33 &3520266421067143809
MeshFilter:
  m_ObjectHideFlags: 0
  m_CorrespondingSourceObject: {fileID: 0}
  m_PrefabInstance: {fileID: 0}
  m_PrefabAsset: {fileID: 0}
  m_GameObject: {fileID: 1142136744381542076}
  m_Mesh: {fileID: -5584626446162066135, guid: c16d4669394fae440b2b6eeab27fa331, type: 3}
--- !u!23 &8144586168311072227
MeshRenderer:
  m_ObjectHideFlags: 0
  m_CorrespondingSourceObject: {fileID: 0}
  m_PrefabInstance: {fileID: 0}
  m_PrefabAsset: {fileID: 0}
  m_GameObject: {fileID: 1142136744381542076}
  m_Enabled: 1
  m_CastShadows: 1
  m_ReceiveShadows: 1
  m_DynamicOccludee: 1
  m_MotionVectors: 1
  m_LightProbeUsage: 1
  m_ReflectionProbeUsage: 1
  m_RenderingLayerMask: 1
  m_RendererPriority: 0
  m_Materials:
  - {fileID: 2100000, guid: 31321ba15b8f8eb4c954353edc038b1d, type: 2}
  m_StaticBatchInfo:
    firstSubMesh: 0
    subMeshCount: 0
  m_StaticBatchRoot: {fileID: 0}
  m_ProbeAnchor: {fileID: 0}
  m_LightProbeVolumeOverride: {fileID: 0}
  m_ScaleInLightmap: 1
  m_PreserveUVs: 0
  m_IgnoreNormalsForChartDetection: 0
  m_ImportantGI: 0
  m_StitchLightmapSeams: 1
  m_SelectedEditorRenderState: 3
  m_MinimumChartSize: 4
  m_AutoUVMaxDistance: 0.5
  m_AutoUVMaxAngle: 89
  m_LightmapParameters: {fileID: 0}
  m_SortingLayerID: 0
  m_SortingLayer: 0
  m_SortingOrder: 0
--- !u!1 &3224691512750498323
GameObject:
  m_ObjectHideFlags: 0
  m_CorrespondingSourceObject: {fileID: 0}
  m_PrefabInstance: {fileID: 0}
  m_PrefabAsset: {fileID: 0}
  serializedVersion: 6
  m_Component:
  - component: {fileID: 8339975861581377976}
  - component: {fileID: 3631379652562854473}
  - component: {fileID: 7828223561155009889}
  m_Layer: 0
  m_Name: Section_Gate.Door
  m_TagString: Untagged
  m_Icon: {fileID: 0}
  m_NavMeshLayer: 0
  m_StaticEditorFlags: 0
  m_IsActive: 1
--- !u!4 &8339975861581377976
Transform:
  m_ObjectHideFlags: 0
  m_CorrespondingSourceObject: {fileID: 0}
  m_PrefabInstance: {fileID: 0}
  m_PrefabAsset: {fileID: 0}
  m_GameObject: {fileID: 3224691512750498323}
  m_LocalRotation: {x: -0.7071068, y: -0, z: -0, w: 0.7071067}
  m_LocalPosition: {x: 2.0398023, y: 0, z: -2.8853235}
  m_LocalScale: {x: 1, y: 1, z: 1}
  m_Children: []
  m_Father: {fileID: 8648867774794395005}
  m_RootOrder: 1
  m_LocalEulerAnglesHint: {x: 0, y: 0, z: 0}
--- !u!33 &3631379652562854473
MeshFilter:
  m_ObjectHideFlags: 0
  m_CorrespondingSourceObject: {fileID: 0}
  m_PrefabInstance: {fileID: 0}
  m_PrefabAsset: {fileID: 0}
  m_GameObject: {fileID: 3224691512750498323}
  m_Mesh: {fileID: -5584626446162066135, guid: c16d4669394fae440b2b6eeab27fa331, type: 3}
--- !u!23 &7828223561155009889
MeshRenderer:
  m_ObjectHideFlags: 0
  m_CorrespondingSourceObject: {fileID: 0}
  m_PrefabInstance: {fileID: 0}
  m_PrefabAsset: {fileID: 0}
  m_GameObject: {fileID: 3224691512750498323}
  m_Enabled: 1
  m_CastShadows: 1
  m_ReceiveShadows: 1
  m_DynamicOccludee: 1
  m_MotionVectors: 1
  m_LightProbeUsage: 1
  m_ReflectionProbeUsage: 1
  m_RenderingLayerMask: 1
  m_RendererPriority: 0
  m_Materials:
  - {fileID: 2100000, guid: 31321ba15b8f8eb4c954353edc038b1d, type: 2}
  m_StaticBatchInfo:
    firstSubMesh: 0
    subMeshCount: 0
  m_StaticBatchRoot: {fileID: 0}
  m_ProbeAnchor: {fileID: 0}
  m_LightProbeVolumeOverride: {fileID: 0}
  m_ScaleInLightmap: 1
  m_PreserveUVs: 0
  m_IgnoreNormalsForChartDetection: 0
  m_ImportantGI: 0
  m_StitchLightmapSeams: 1
  m_SelectedEditorRenderState: 3
  m_MinimumChartSize: 4
  m_AutoUVMaxDistance: 0.5
  m_AutoUVMaxAngle: 89
  m_LightmapParameters: {fileID: 0}
  m_SortingLayerID: 0
  m_SortingLayer: 0
  m_SortingOrder: 0
--- !u!1 &3356124754140218130
GameObject:
  m_ObjectHideFlags: 0
  m_CorrespondingSourceObject: {fileID: 0}
  m_PrefabInstance: {fileID: 0}
  m_PrefabAsset: {fileID: 0}
  serializedVersion: 6
  m_Component:
  - component: {fileID: 8472621583482417086}
  - component: {fileID: 3205943809813300123}
  - component: {fileID: 8756215543634352352}
  - component: {fileID: 932879830253026372}
  m_Layer: 0
  m_Name: Section_Dud
  m_TagString: Untagged
  m_Icon: {fileID: 0}
  m_NavMeshLayer: 0
  m_StaticEditorFlags: 0
  m_IsActive: 1
--- !u!4 &8472621583482417086
Transform:
  m_ObjectHideFlags: 0
  m_CorrespondingSourceObject: {fileID: 0}
  m_PrefabInstance: {fileID: 0}
  m_PrefabAsset: {fileID: 0}
  m_GameObject: {fileID: 3356124754140218130}
  m_LocalRotation: {x: -0.7069834, y: -0, z: -0, w: 0.7072302}
  m_LocalPosition: {x: 0, y: 0, z: 0}
  m_LocalScale: {x: 1, y: 1, z: 1}
  m_Children: []
  m_Father: {fileID: 8648867774794395005}
  m_RootOrder: 0
  m_LocalEulerAnglesHint: {x: -89.98, y: 0, z: 0}
--- !u!33 &3205943809813300123
MeshFilter:
  m_ObjectHideFlags: 0
  m_CorrespondingSourceObject: {fileID: 0}
  m_PrefabInstance: {fileID: 0}
  m_PrefabAsset: {fileID: 0}
  m_GameObject: {fileID: 3356124754140218130}
  m_Mesh: {fileID: -1204780378876514440, guid: c16d4669394fae440b2b6eeab27fa331, type: 3}
--- !u!23 &8756215543634352352
MeshRenderer:
  m_ObjectHideFlags: 0
  m_CorrespondingSourceObject: {fileID: 0}
  m_PrefabInstance: {fileID: 0}
  m_PrefabAsset: {fileID: 0}
  m_GameObject: {fileID: 3356124754140218130}
  m_Enabled: 1
  m_CastShadows: 1
  m_ReceiveShadows: 1
  m_DynamicOccludee: 1
  m_MotionVectors: 1
  m_LightProbeUsage: 1
  m_ReflectionProbeUsage: 1
  m_RenderingLayerMask: 1
  m_RendererPriority: 0
  m_Materials:
  - {fileID: 2100000, guid: 952ffec160ea96d4d81dc9a5c04b2eb5, type: 2}
  m_StaticBatchInfo:
    firstSubMesh: 0
    subMeshCount: 0
  m_StaticBatchRoot: {fileID: 0}
  m_ProbeAnchor: {fileID: 0}
  m_LightProbeVolumeOverride: {fileID: 0}
  m_ScaleInLightmap: 1
  m_PreserveUVs: 0
  m_IgnoreNormalsForChartDetection: 0
  m_ImportantGI: 0
  m_StitchLightmapSeams: 1
  m_SelectedEditorRenderState: 3
  m_MinimumChartSize: 4
  m_AutoUVMaxDistance: 0.5
  m_AutoUVMaxAngle: 89
  m_LightmapParameters: {fileID: 0}
  m_SortingLayerID: 0
  m_SortingLayer: 0
  m_SortingOrder: 0
--- !u!64 &932879830253026372
MeshCollider:
  m_ObjectHideFlags: 0
  m_CorrespondingSourceObject: {fileID: 0}
  m_PrefabInstance: {fileID: 0}
  m_PrefabAsset: {fileID: 0}
  m_GameObject: {fileID: 3356124754140218130}
  m_Material: {fileID: 0}
  m_IsTrigger: 0
  m_Enabled: 1
  serializedVersion: 3
  m_Convex: 0
  m_CookingOptions: 14
  m_Mesh: {fileID: -1204780378876514440, guid: c16d4669394fae440b2b6eeab27fa331, type: 3}
--- !u!1 &8831972426870042590
GameObject:
  m_ObjectHideFlags: 0
  m_CorrespondingSourceObject: {fileID: 0}
  m_PrefabInstance: {fileID: 0}
  m_PrefabAsset: {fileID: 0}
  serializedVersion: 6
  m_Component:
  - component: {fileID: 2855391032365381943}
  - component: {fileID: 4999131293872633564}
  - component: {fileID: 4203564286607724368}
  - component: {fileID: 5333158031601359301}
  m_Layer: 0
  m_Name: Finish
  m_TagString: Untagged
  m_Icon: {fileID: 0}
  m_NavMeshLayer: 0
  m_StaticEditorFlags: 0
  m_IsActive: 1
--- !u!4 &2855391032365381943
Transform:
  m_ObjectHideFlags: 0
  m_CorrespondingSourceObject: {fileID: 0}
  m_PrefabInstance: {fileID: 0}
  m_PrefabAsset: {fileID: 0}
  m_GameObject: {fileID: 8831972426870042590}
  m_LocalRotation: {x: 0, y: 0, z: 0, w: 1}
  m_LocalPosition: {x: 0, y: 0, z: 0}
  m_LocalScale: {x: 1, y: 1, z: 1}
  m_Children:
  - {fileID: 8648867774794395005}
  m_Father: {fileID: 0}
  m_RootOrder: 0
  m_LocalEulerAnglesHint: {x: 0, y: 0, z: 0}
--- !u!65 &4999131293872633564
BoxCollider:
  m_ObjectHideFlags: 0
  m_CorrespondingSourceObject: {fileID: 0}
  m_PrefabInstance: {fileID: 0}
  m_PrefabAsset: {fileID: 0}
  m_GameObject: {fileID: 8831972426870042590}
  m_Material: {fileID: 0}
  m_IsTrigger: 1
  m_Enabled: 1
  serializedVersion: 2
  m_Size: {x: 5, y: 3.491211, z: 3.2665339}
  m_Center: {x: 0, y: 1.2456055, z: -5.204202}
--- !u!114 &4203564286607724368
MonoBehaviour:
  m_ObjectHideFlags: 0
  m_CorrespondingSourceObject: {fileID: 0}
  m_PrefabInstance: {fileID: 0}
  m_PrefabAsset: {fileID: 0}
  m_GameObject: {fileID: 8831972426870042590}
  m_Enabled: 1
  m_EditorHideFlags: 0
  m_Script: {fileID: 11500000, guid: 48d23917fd38adb41b62bfcfdc4020bb, type: 3}
  m_Name: 
  m_EditorClassIdentifier: 
  OnPlayerEnter:
    m_PersistentCalls:
      m_Calls: []
    m_TypeName: UnityEngine.Events.UnityEvent, UnityEngine.CoreModule, Version=0.0.0.0,
      Culture=neutral, PublicKeyToken=null
--- !u!114 &5333158031601359301
MonoBehaviour:
  m_ObjectHideFlags: 0
  m_CorrespondingSourceObject: {fileID: 0}
  m_PrefabInstance: {fileID: 0}
  m_PrefabAsset: {fileID: 0}
  m_GameObject: {fileID: 8831972426870042590}
  m_Enabled: 1
  m_EditorHideFlags: 0
  m_Script: {fileID: 11500000, guid: ffc86d6d028659743a6badba6dc1dc51, type: 3}
  m_Name: 
  m_EditorClassIdentifier: 
  ControlledObject: {fileID: 709471297595319596}
  distance: 30
  Renderer: {fileID: 8756215543634352352}
--- !u!1001 &1773845065455745599
PrefabInstance:
  m_ObjectHideFlags: 0
  serializedVersion: 2
  m_Modification:
    m_TransformParent: {fileID: 8648867774794395005}
    m_Modifications:
    - target: {fileID: 5130261967076016232, guid: 7e46550cb7dd6f146a2fe209dee5b9cf,
        type: 3}
      propertyPath: m_Name
      value: WallTorch (1)
      objectReference: {fileID: 0}
    - target: {fileID: 1815554099790166378, guid: 7e46550cb7dd6f146a2fe209dee5b9cf,
        type: 3}
      propertyPath: m_LocalPosition.x
      value: 2.43796
      objectReference: {fileID: 0}
    - target: {fileID: 1815554099790166378, guid: 7e46550cb7dd6f146a2fe209dee5b9cf,
        type: 3}
      propertyPath: m_LocalPosition.y
      value: 1.3010974
      objectReference: {fileID: 0}
    - target: {fileID: 1815554099790166378, guid: 7e46550cb7dd6f146a2fe209dee5b9cf,
        type: 3}
      propertyPath: m_LocalPosition.z
      value: -3.1466122
      objectReference: {fileID: 0}
    - target: {fileID: 1815554099790166378, guid: 7e46550cb7dd6f146a2fe209dee5b9cf,
        type: 3}
      propertyPath: m_LocalRotation.x
      value: -0
      objectReference: {fileID: 0}
    - target: {fileID: 1815554099790166378, guid: 7e46550cb7dd6f146a2fe209dee5b9cf,
        type: 3}
      propertyPath: m_LocalRotation.y
      value: 0.7071068
      objectReference: {fileID: 0}
    - target: {fileID: 1815554099790166378, guid: 7e46550cb7dd6f146a2fe209dee5b9cf,
        type: 3}
      propertyPath: m_LocalRotation.z
      value: -0
      objectReference: {fileID: 0}
    - target: {fileID: 1815554099790166378, guid: 7e46550cb7dd6f146a2fe209dee5b9cf,
        type: 3}
      propertyPath: m_LocalRotation.w
      value: 0.7071068
      objectReference: {fileID: 0}
    - target: {fileID: 1815554099790166378, guid: 7e46550cb7dd6f146a2fe209dee5b9cf,
        type: 3}
      propertyPath: m_RootOrder
      value: 4
      objectReference: {fileID: 0}
    - target: {fileID: 1815554099790166378, guid: 7e46550cb7dd6f146a2fe209dee5b9cf,
        type: 3}
      propertyPath: m_LocalEulerAnglesHint.x
      value: 0
      objectReference: {fileID: 0}
    - target: {fileID: 1815554099790166378, guid: 7e46550cb7dd6f146a2fe209dee5b9cf,
        type: 3}
      propertyPath: m_LocalEulerAnglesHint.y
      value: 90
      objectReference: {fileID: 0}
    - target: {fileID: 1815554099790166378, guid: 7e46550cb7dd6f146a2fe209dee5b9cf,
        type: 3}
      propertyPath: m_LocalEulerAnglesHint.z
      value: 0
      objectReference: {fileID: 0}
    - target: {fileID: 3597565119587270618, guid: 7e46550cb7dd6f146a2fe209dee5b9cf,
        type: 3}
      propertyPath: Chance
      value: 1
      objectReference: {fileID: 0}
    m_RemovedComponents: []
  m_SourcePrefab: {fileID: 100100000, guid: 7e46550cb7dd6f146a2fe209dee5b9cf, type: 3}
--- !u!4 &121547050246374229 stripped
Transform:
  m_CorrespondingSourceObject: {fileID: 1815554099790166378, guid: 7e46550cb7dd6f146a2fe209dee5b9cf,
    type: 3}
  m_PrefabInstance: {fileID: 1773845065455745599}
  m_PrefabAsset: {fileID: 0}
--- !u!1001 &7840607037766768237
PrefabInstance:
  m_ObjectHideFlags: 0
  serializedVersion: 2
  m_Modification:
    m_TransformParent: {fileID: 8648867774794395005}
    m_Modifications:
    - target: {fileID: 5130261967076016232, guid: 7e46550cb7dd6f146a2fe209dee5b9cf,
        type: 3}
      propertyPath: m_Name
      value: WallTorch
      objectReference: {fileID: 0}
    - target: {fileID: 1815554099790166378, guid: 7e46550cb7dd6f146a2fe209dee5b9cf,
        type: 3}
      propertyPath: m_LocalPosition.x
      value: -2.4379604
      objectReference: {fileID: 0}
    - target: {fileID: 1815554099790166378, guid: 7e46550cb7dd6f146a2fe209dee5b9cf,
        type: 3}
      propertyPath: m_LocalPosition.y
      value: 1.3010974
      objectReference: {fileID: 0}
    - target: {fileID: 1815554099790166378, guid: 7e46550cb7dd6f146a2fe209dee5b9cf,
        type: 3}
      propertyPath: m_LocalPosition.z
      value: -3.1466122
      objectReference: {fileID: 0}
    - target: {fileID: 1815554099790166378, guid: 7e46550cb7dd6f146a2fe209dee5b9cf,
        type: 3}
      propertyPath: m_LocalRotation.x
      value: -0
      objectReference: {fileID: 0}
    - target: {fileID: 1815554099790166378, guid: 7e46550cb7dd6f146a2fe209dee5b9cf,
        type: 3}
      propertyPath: m_LocalRotation.y
      value: 0.7071068
      objectReference: {fileID: 0}
    - target: {fileID: 1815554099790166378, guid: 7e46550cb7dd6f146a2fe209dee5b9cf,
        type: 3}
      propertyPath: m_LocalRotation.z
      value: -0
      objectReference: {fileID: 0}
    - target: {fileID: 1815554099790166378, guid: 7e46550cb7dd6f146a2fe209dee5b9cf,
        type: 3}
      propertyPath: m_LocalRotation.w
      value: 0.7071068
      objectReference: {fileID: 0}
    - target: {fileID: 1815554099790166378, guid: 7e46550cb7dd6f146a2fe209dee5b9cf,
        type: 3}
      propertyPath: m_RootOrder
      value: 3
      objectReference: {fileID: 0}
    - target: {fileID: 1815554099790166378, guid: 7e46550cb7dd6f146a2fe209dee5b9cf,
        type: 3}
      propertyPath: m_LocalEulerAnglesHint.x
      value: 0
      objectReference: {fileID: 0}
    - target: {fileID: 1815554099790166378, guid: 7e46550cb7dd6f146a2fe209dee5b9cf,
        type: 3}
      propertyPath: m_LocalEulerAnglesHint.y
      value: 90
      objectReference: {fileID: 0}
    - target: {fileID: 1815554099790166378, guid: 7e46550cb7dd6f146a2fe209dee5b9cf,
        type: 3}
      propertyPath: m_LocalEulerAnglesHint.z
      value: 0
      objectReference: {fileID: 0}
    - target: {fileID: 3597565119587270618, guid: 7e46550cb7dd6f146a2fe209dee5b9cf,
        type: 3}
      propertyPath: Chance
      value: 1
      objectReference: {fileID: 0}
    m_RemovedComponents: []
  m_SourcePrefab: {fileID: 100100000, guid: 7e46550cb7dd6f146a2fe209dee5b9cf, type: 3}
--- !u!4 &8502033424536252167 stripped
Transform:
  m_CorrespondingSourceObject: {fileID: 1815554099790166378, guid: 7e46550cb7dd6f146a2fe209dee5b9cf,
    type: 3}
  m_PrefabInstance: {fileID: 7840607037766768237}
  m_PrefabAsset: {fileID: 0}
